@article{1,
    author = {Ahmed, Hassan and Nasr, Abdurrahman and Abdel-Mageid, Salah and Aslan, Heba},
    year = {2019},
    month = {10},
    pages = {325-350},
    title = {A survey of IoT security threats and defenses},
    volume = {9},
    journal = {International Journal of Advanced Computer Research},
    doi = {10.19101/IJACR.2019.940116},
}

@inproceedings{2,
    author = {Martin, Erik David and Kargaard, Joakim and Sutherland, Iain},
    booktitle = {2019 10th International Conference on Dependable Systems, Services and Technologies (DESSERT)}, 
    title = {Raspberry Pi Malware: An Analysis of Cyberattacks Towards IoT Devices}, 
    year = {2019},
    volume = {},
    number = {},
    pages = {161-166},
    doi = {10.1109/DESSERT.2019.8770027},
}

@inproceedings{4,
    author = {Psychoula, Ismini and Singh, Deepika and Chen, Liming and Chen, Feng and Holzinger, Andreas and Ning, Huansheng},
    booktitle = {2018 IEEE SmartWorld, Ubiquitous Intelligence   Computing, Advanced   Trusted Computing, Scalable Computing   Communications, Cloud   Big Data Computing, Internet of People and Smart City Innovation (SmartWorld/SCALCOM/UIC/ATC/CBDCom/IOP/SCI)}, 
    title = {Users' Privacy Concerns in IoT Based Applications}, 
    year = {2018},
    volume = {},
    number = {},
    pages = {1887-1894},
    doi = {10.1109/SmartWorld.2018.00317},
}

@article{5,
    author = {Su, Xin and Wang, Ziyu and Liu, Xiaofeng and Choi, Chang and Choi, Dongmin},
    year = {2018},
    month = {05},
    pages = {1-14},
    title = {Study to Improve Security for IoT Smart Device Controller: Drawbacks and Countermeasures},
    volume = {2018},
    journal = {Security and Communication Networks},
    doi = {10.1155/2018/4296934},
}

@article{7,
    author = {Haddadpajouh, Hamed and Dehghantanha, Ali and Parizi, Reza and Aledhari, Mohammed and Karimipour, Hadis},
    year = {2019},
    month = {11},
    pages = {},
    title = {A survey on internet of things security: Requirements, challenges, and solutions},
}

@article{8,
    author = {Bouhlal, Meriem and Ait Abdelouahid, Rachida and Elfilali, S. and Benlahmar, EL Habib},
    year = {2020},
    month = {01},
    pages = {591-596},
    title = {Perception layer security in the internet of things},
    volume = {175},
    journal = {Procedia Computer Science},
    doi = {10.1016/j.procs.2020.07.085},
}

@article{9,
    author = {Tahsien, Syeda and Karimipour, Hadis and Spachos, P.},
    year = {2020},
    month = {04},
    pages = {102630},
    title = {Machine learning based solutions for security of Internet of Things (IoT): A survey},
    volume = {161},
    journal = {Journal of Network and Computer Applications},
    doi = {10.1016/j.jnca.2020.102630},
}

@article{10,  
    author = {Mosenia, Arsalan and Jha, Niraj K.},  
    journal = {IEEE Transactions on Emerging Topics in Computing},   
    title = {A Comprehensive Study of Security of Internet-of-Things},   
    year = {2017},  
    volume = {5},  
    number = {4},  
    pages = {586-602},  
    doi = {10.1109/TETC.2016.2606384},
}

@article{11,
    author = {Alam, Sarfraz and Chowdhury, Mohammad and Noll, Josef},
    year = {2011},
    month = {12},
    pages = {},
    title = {Interoperability of Security-Enabled Internet of Things},
    volume = {61},
    journal = {Wireless Personal Communications},
    doi = {10.1007/s11277-011-0384-6},
}

@inproceedings{12,  
    author = {Ukil, Arijit and Sen, Jaydip and Koilakonda, Sripad},  
    booktitle = {2011 2nd National Conference on Emerging Trends and Applications in Computer Science},
    title = {Embedded security for Internet of Things},   
    year = {2011},  
    volume = {},  
    number = {},  
    pages = {1-6},  
    doi = {10.1109/NCETACS.2011.5751382},
}
